@misc{c1,
	author = {Chris K. Caldwell},
	title = {{Are all primes (past 2 and 3) of the forms 6n+1 and 6n-1?}},
	howpublished = "\url{https://primes.utm.edu/notes/faq/six.html}", 
	%note = "[odwiedzono 12-2018]"
}

@misc{c2,
	title = {{C++ / Atomic operations library / std::atomic}},
	howpublished = "\url{https://en.cppreference.com/w/cpp/atomic/atomic}",
	%note = "[odwiedzono 12-2018]"
}

@misc{c3,
	title = {{WolframAlpha: primes between 1 and 100000000}},
	howpublished = "\url{https://www.wolframalpha.com/input/?i=primes+between+1+and+100000000}",
	%note = "[odwiedzono 12-2018]"
}

@misc{c4,
	author = {Karbowski and Niewiadomska-Szynkiewicz},
	title = {{Programowanie Równoległe i Rozproszone: wprowadzenie}},
	%note = "[odwiedzono 12-2018]"
}
